@inproceedings{cutting_mh_2014,
    author    = {Anoop Korattikara Balan and Yutian Chen and Max Welling},
    title     = {Austerity in {MCMC} Land: Cutting the Metropolis-Hastings Budget},
    booktitle = {Proceedings of the 31st International Conference on Machine Learning (ICML)},
    year      = {2014}
}

@inproceedings{sgmcmc_2015,
    author={Ma, Y. and Chen, T. and Fox, E.B.},
    title={A Complete Recipe for Stochastic Gradient {MCMC}},
    booktitle = {"Neural Information Processing Systems 28"},
    year = {2015},
    publisher = {MIT Press},
}

@inproceedings{sghmc_2014,
    author={Chen, T. and Fox, E.B. and Guestrin, C.},
    title={Stochastic Gradient {H}amiltonian {M}onte {C}arlo},
    booktitle = {Proceedings of the 31st International Conference on Machine Learning (ICML)},
    year = {2014},
}

@inproceedings{langevin_2011,
  author    = {Max Welling and Yee Whye Teh},
  title     = {Bayesian Learning via Stochastic Gradient Langevin Dynamics},
  booktitle = {Proceedings of the 28th International Conference on Machine Learning (ICML)},
  year = {2011},
}

@article{canny2013bidmach,
   title={BIDMach: Large-scale Learning with Zero Memory Allocation},
   author={Canny, John and Zhao, Huasha},
   year={2013}
}

@article{mcmc_hamiltonian_2010,
  author = {Neal, Radford M.},
  journal = {Handbook of Markov Chain Monte Carlo},
  pages = {113--162},
  title = {{MCMC} Using {Hamiltonian} Dynamics},
  volume = 54,
  year = 2010
}

