@article{mcmc_hamiltonian_2010,
    author = {Neal, Radford M.},
    journal = {Handbook of Markov Chain Monte Carlo},
    pages = {113--162},
    title = {{MCMC Using Hamiltonian Dynamics}},
    volume = 54,
    year = {2010}
}

@article{Metropolis1953,
    author = {Metropolis, Nicholas and Rosenbluth, Arianna W. and Rosenbluth, Marshall N. and
    Teller, Augusta H. and Teller, Edward},
    title = {{Equation of State Calculations by Fast Computing Machines}},
    journal = {The Journal of Chemical Physics},
    volume = 21,
    year = {1953}
}

@article{RobbinsMonro1951,
    author = {Robbins, H. and Monro, S.},
    journal = {Annals of Mathematical Statistics},
    pages = {400-407},
    title = {{A Stochastic Approximation Method}},
    volume = 22,
    year = 1951
}

@article{hastings70,
    author = {Hastings, W. K.},
    journal = {Biometrika},
    pages = {97-109},
    title = {{Monte Carlo Sampling Methods Using Markov Chains and Their Applications}},
    volume = 57,
    year = {1970}
}

@book{brooks2011handbook,
    added-at = {2015-03-24T17:28:34.000+0100},
    author = {Brooks, Steve and Gelman, Andrew and Jones, Galin and Meng, Xiao-Li},
    publisher = {CRC press},
    title = {Handbook of Markov Chain Monte Carlo},
    year = 2011
}

@book{gilks1996markov,
    author = {Gilks, W.R. and Spiegelhalter, DJ},
    publisher = {Chapman \& Hall/CRC},
    title = {{Markov chain Monte Carlo in practice}},
    year = 1996
}

@article{dupuy2016,
    title={{Online but Accurate Inference for Latent Variable Models with Local Gibbs Sampling}},
    author={Christophe Dupuy and Francis Bach},
    journal={arXiv preprint arXiv:1603.02644},
    year = {2016}
}

@inproceedings{langevin_2011,
    author    = {Max Welling and Yee Whye Teh},
    title     = {{Bayesian Learning via Stochastic Gradient Langevin Dynamics}},
    booktitle = {Proceedings of the 28th International Conference on Machine Learning (ICML)},
    year = {2011},
}
@inproceedings{conf/icml/AhnBW12,
    author = {Ahn, Sungjin and Balan, Anoop Korattikara and Welling, Max},
    title = {{Bayesian Posterior Sampling via Stochastic Gradient Fisher Scoring.}},
    booktitle = {Proceedings of the 29th International Conference on Machine Learning (ICML)},
    year = {2012},
}
@inproceedings{cutting_mh_2014,
    author    = {Anoop Korattikara and Yutian Chen and Max Welling},
    title     = {{Austerity} in {MCMC} {Land}: {Cutting} the {Metropolis}-{Hastings} {Budget}},
    booktitle = {Proceedings of the 31st International Conference on Machine Learning (ICML)},
    year      = {2014}
}
@inproceedings{icml2014c1_bardenet14, 
    author = {R\'emi Bardenet and Arnaud Doucet and Chris Holmes}, 
    title = {{Towards Scaling up Markov chain Monte Carlo: An Adaptive Subsampling Approach}}, 
    booktitle = {Proceedings of the 31st International Conference on Machine Learning (ICML)}, 
    year = {2014}, 
}
@inproceedings{sghmc_2014,
    author={Chen, T. and Fox, E.B. and Guestrin, C.},
    title={{Stochastic Gradient Hamiltonian Monte Carlo}},
    booktitle = {Proceedings of the 31st International Conference on Machine Learning (ICML)},
    year = {2014},
}

@inproceedings{sgmcmc_2015,
    author={Ma, Y. and Chen, T. and Fox, E.B.},
    title={{A Complete Recipe for Stochastic Gradient MCMC}},
    Booktitle = {Advances in Neural Information Processing Systems 28}, 
    year = {2015},
}
@inproceedings{adapGrad,
	author={Bartlett, Peter and Hazan, Elad and Rakhlin, Alexander},
	title={Adaptive Online Gradient Descent},
	booktitle={Advances in Neural Information Processing Systems 20},
	year = {2007}
}

@inproceedings{conf/uai/MaclaurinA14,
    author    = {Dougal Maclaurin and Ryan P. Adams},
    title     = {{Firefly Monte Carlo: Exact MCMC with Subsets of Data}},
    booktitle = {Proceedings of the Thirtieth Conference on Uncertainty in Artificial Intelligence, (UAI)},
    year      = {2014},
}

@article{lecun-mnisthandwrittendigit-2010,
    author = {LeCun, Yann and Cortes, Corinna},
    title = {{MNIST Handwritten Digit Database}},
    url = {http://yann.lecun.com/exdb/mnist/},
    year = {1998},
}

@article{selfnorm-limits,
    author = {Qi-Man Shao and Qiying Wang},
    title = {{Self-Normalized Limit Theorems: A Survey}},
    journal = {Probability Surveys},
    volume = 10,
    pages = {69-93},
    year = {2013},
}

@article{explicit-clt05,
    author={Y. Novak},
    title={{On Self-Normalized Sums and Student's Statistic}},
    journal={Theory of Probability and its Applications},
    volume=49,
    number=2,
    pages={336-344},
    year= {2005},
}

@article{OptimalScaling01,
    author={Gareth O. Roberts and Jeffrey S. Rosenthal},
    title={{Optimal Scaling for Various Metropolis-Hastings Algorithms}},
    journal={Statistical Science},
    volume={16},
    number={4},
    pages={351â€“367},
    year={2001},
}

@article{Barker65,
    author={A. A. Barker},
    title={{Monte-Carlo Calculations of the Radial Distribution Functions for a Proton-Electron Plasma}},
    journal={Australian Journal of Physics},
    volume={18},
    pages={119--133},
    year=1965
}

@article{Bentkus97,
author={V. Bentkus and F. Gotze and W.R.vanZwet},
title={{An Edgeworth Expansion for Symmetric Statistics}},
journal={Annals of Statistics},
volume={25},
number=2,
year=1997}

@article{TallData16,
author={R\'emi Bardenet and Arnaud Doucet and Chris Holmes},
title={{On Markov Chain Monte Carlo Methods for Tall Data}},
journal={Journal of Machine Learning Research (JMLR)},
year=2016}

@inproceedings{DBLP:conf/icml/ChenG16,
  title     = {{Scalable Discrete Sampling as a Multi-Armed Bandit Problem}},
  author    = {Yutian Chen and Zoubin Ghahramani},
  booktitle = {Proceedings of the 33nd International Conference on Machine Learning, {ICML}},
  year      = {2016}
}

@incollection{loosli-canu-bottou-2006,
  author = {Loosli, Ga\"{e}lle and Canu, St\'{e}phane and Bottou, L\'{e}on},
  title = {{Training Invariant Support Vector Machines using Selective Sampling}},
  pages = {301-320},
  editor = {Bottou, L\'{e}on and Chapelle, Olivier and {DeCoste}, Dennis and Weston, Jason},
  booktitle = {Large Scale Kernel Machines},
  publisher = {MIT Press},
  address = {Cambridge, MA.},
  year = {2007},
}
